@COMMENT{
	tipos de entradas mais comuns = {},
	article = {artigo em periódico},
	book = {livro},
	online = {recurso online ou página web}
}

% Referencias
% INTERFACE MODO GRAFICO X MODO TEXTO
% “The Art of Unix Programming” – Eric S. Raymond
% Documentação de VT100/ANSI escape codes (para entender terminal antigo)
% "A brief history of text editors”
% Interfaces gráficas históricas
% “Designing Interfaces” – Jenifer Tidwell (conceitos de GUI vs CLI)
%
% EDITORES, PROCESSADORES  DE TEXTO E IDE's
% Código-fonte do nano: https://www.nano-editor.org (História do nano https://dev.to/deniselemonaki/don-t-fear-the-command-line-text-editors-6lh?utm_source=chatgpt.com)
% Practical Vim” – Drew Neil (explica modos, buffers, busca) Documentação oficial: https://www.vim.org/docs.php (https://pikuma.com/blog/origins-of-vim-text-editor?utm_source=chatgpt.com)
% “VS Code Documentation” – foco em arquitetura de buffer e extensões
% Emacs manual (conceito de buffer e modo de operação)
% Notepad++, Sublime Text – documentação técnica sobre buffer e pesquisa
%
% PRINCIPAIS BIBLIOTECAS DE MANIPULAÇÃO DE TERMINAL EM LINGUAGEM DE PROGRAMAÇÃO C
% Ncurses documentação: https://invisible-island.net/ncurses/man/ncurses.3x.html e Tutoriais básicos: “NCURSES Programming HowTo”
% curses (histórico): livros antigos de C
% termbox: https://github.com/nsf/termbox
% conio.h (apenas referência histórica): tutoriais antigos de DOS

@article{Abedi2014,
	author = {Abedi, Z. and Saber, M. and Vojoudi, S. and Mahdavi, V. and Parsaeyan, E.},
	title = {{A}cute, sublethal, and combination effects of azadirachtin and {B}acillus thuringiensis on the cotton bollworm, {H}elicoverpa armigera},
	journal = {J. Insect Sci.},
	volume = {14},
	pages = {30-37},
	year = {2014}
}

@article{Agaisse1995,
	author = {Agaisse, H. and Lereclus, D.},
	title = {{H}ow does {B}acillus thuringiensis produce so much insecticidal crystal protein?},
	journal = {J. Bacteriol.},
	volume = {177},
	number = {21},
	pages = {6027-6032},
	year = {1995}
}

@article{AgapitoTenfen2014,
	author = {Agapito-Tenfen, S. Z. and Vilperte, V. and Benevenuto, R. F. and Rover, C. M. and Traavik, T. I. and Nodari, R. O.},
	title = {{E}ffect of stacking insecticidal cry and herbicide tolerance epsps transgenes on transgenic maize proteome},
	journal = {BMC Plant Biol},
	volume = {14},
	pages = {346},
	year = {2014}
}

@book{Nelson2014,
	author = {Nelson, David L. and Cox, Michael M.},
	title = {{P}rincípios de {B}ioquímica de {L}ehninger},
	publisher = {Artmed},
	address = {Porto Alegre},
	edition = {6},
	pages = {1328},
	year = {2014}
}

@misc{BtNomenclature2016,
	author = {Crickmore, N. and Baum, J. and Bravo, A. and Lereclus, D. and Narva, K. and Sampson, K. and Schnepf, E. and Sun, M. and Zeigler, D.R.},
	title = {{B}acillus thuringiensis toxin nomenclature},
	year = {2016},
	url = {http://www.btnomenclature.info},
	urlaccessdate = {04 de out. de 2016}
}
